@article{efron1979,
author = "Efron, B.",
doi = "10.1214/aos/1176344552",
fjournal = "The Annals of Statistics",
journal = "Ann. Statist.",
month = "01",
number = "1",
pages = "1--26",
publisher = "The Institute of Mathematical Statistics",
title = "Bootstrap Methods: Another Look at the Jackknife",
url = "https://doi.org/10.1214/aos/1176344552",
volume = "7",
year = "1979"
}

@article{raowu1988,
author = { J. N. K.   Rao  and  C. F. J.   Wu },
title = {Resampling Inference with Complex Survey Data},
journal = {Journal of the American Statistical Association},
volume = {83},
number = {401},
pages = {231-241},
year  = {1988},
publisher = {Taylor & Francis}
}

@article{chipprest2007,
author = {Chipperfield, James and Preston, John},
year = {2007},
month = {12},
pages = {167-172},
title = {Efficient bootstrap for business surveys},
volume = {33},
booktitle = {Survey methodology}
}

@article{prest2009,
author = {Preston, J},
year = {2009},
month = {12},
pages = {227-234},
title = {Rescaled bootstrap for stratified multistage sampling},
volume = {35},
booktitle = {Survey Methodology}
}

@article{mekogu2016,
author = {Meraner, Angelika and Gumprecht, Daniela and Kowarik, Alexander},
year = {2016},
month = {06},
pages = {3},
title = {Weighting Procedure of the Austrian Microcensus using Administrative Data},
volume = {45},
booktitle = {Austrian Journal of Statistics}
}
@inproceedings{potter90,
  title={A Study of Procedures to Identify and Trim Extreme Sampling Weights},
  author={Potter, Frank J},
  booktitle={Proceedings of the American Statistical Association, Section on Survey Research Methods},
  volume={225230},
  year={1990}
}

@inproceedings{potter93,
  title={The Effect of Weight Trimming on Nonlinear Survey Estimates},
  author={Potter, Frank J},
  booktitle={Proceedings of the American Statistical Association, Section on Survey Research Methods},
  volume={758763},
  year={1993}
}
